<?xml version="1.0" encoding="UTF-8"?><record xmlns="http://www.loc.gov/MARC21/slim" xmlns:cinclude="http://apache.org/cocoon/include/1.0" xmlns:zs="http://www.loc.gov/zing/srw/">
  <leader>00549nz  a2200145n  4500</leader>
  <controlfield tag="001">n 2015020310</controlfield>
  <controlfield tag="003">DLC</controlfield>
  <controlfield tag="005">20150331155123.0</controlfield>
  <controlfield tag="008">150331n| azannaabn          |b aaa      </controlfield>
  <datafield tag="010" ind1=" " ind2=" ">
    <subfield code="a">n 2015020310</subfield>
  </datafield>
  <datafield tag="040" ind1=" " ind2=" ">
    <subfield code="a">DLC</subfield>
    <subfield code="b">eng</subfield>
    <subfield code="e">rda</subfield>
    <subfield code="c">DLC</subfield>
  </datafield>
  <datafield tag="100" ind1="1" ind2=" ">
    <subfield code="a">Pyŏn, Chae-gyŏng</subfield>
  </datafield>
  <datafield tag="400" ind1="1" ind2=" ">
    <subfield code="a">변 재경</subfield>
  </datafield>
  <datafield tag="667" ind1=" " ind2=" ">
    <subfield code="a">Non-Latin script reference not evaluated</subfield>
  </datafield>
  <datafield tag="670" ind1=" " ind2=" ">
    <subfield code="a">T'ŭkhwa p'ummok chaebae rŭl wihan T'oyang kwalli kisul, 2010:</subfield>
    <subfield code="b">t.p. (변 재경 = Pyŏn Chae-gyŏng) t.p. verso (ihak paksa; researcher, Kungnip Sallim Kwahagwŏn Sallim Pogwŏn Yŏn'gukwa)</subfield>
  </datafield>
</record>